@online{cp-all-in-one,
author = {Yeva Byzek, andrewegel,Rick Spurgeon, Srini Dandu, Allison Walther,Arnaud Esteve,JT Smith,Brett Randall},
month = {June},
title = {Confluent: cp-all-in-one},
url = {https://github.com/confluentinc/cp-all-in-one},
lastaccessed = {June 25, 2022},
}

@online{confluent-cloud,
author ={Confluent},
year = {2022},
title ={Confluent Cloud: Fully Managed Kafka as a Cloud-Native Service},
url ={https://www.confluent.io/confluent-cloud/},
month ={June},
lastaccessed ={June 20, 2022},
}


@online{create-stream,
author ={Confluent},
year = {2022},
title ={Writing Streaming Queries Against Apache Kafka Using KSQL},
url ={https://docs.confluent.io/5.4.2/ksql/docs/developer-guide/create-a-stream.html},
month ={July},
lastaccessed ={July 5, 2022},
}